@Book{olofsson2012,
author = {Olofsson, Peter og Andersson, Mikeal},
title = {Probability, Statistics and Stochastic Processes},
publisher = {John Wiley \& Sons},
year = {2012},
edition = {2},
}
